% This file was created with JabRef 2.10.
% Encoding: Cp1252


@Article{Bouckaert2014,
  Title                    = {BEAST 2: A Software Platform for Bayesian Evolutionary Analysis},
  Author                   = {{Bouckaert, R., Heled, J., Kühnert, D., Vaughan, T., Wu, C.H., Xie, D., Suchard, M. A., Rambaut, A. \& Drummond, A. J.}},
  Journal                  = {PLOS},
  Year                     = {2014},

  Owner                    = {P274829},
  Timestamp                = {2016.02.11}
}

@Book{,
  Title                    = {Numerical Methods for Unconstrained Optimization and Nonlinear Equations},
  Author                   = {{Dennis, J. E. and Schnabel, R. B.}},
  Publisher                = {Prentice-Hall, Englewood Cliffs, NJ},
  Year                     = {1983},

  Owner                    = {P274829},
  Timestamp                = {2016.02.08}
}

@Article{Drummond2007,
  Title                    = {BEAST: Bayesian evolutionary analysis by sampling trees},
  Author                   = {{Drummond, A. J. \& Rambaut, A.}},
  Journal                  = {BMC evolutionary biology},
  Year                     = {2007},

  Owner                    = {P274829},
  Timestamp                = {2016.02.11}
}

@Article{Etienne2012b,
  Title                    = {A conceptual and statistical framework for adaptive radiations with a key role for diversity dependence},
  Author                   = {{Etienne, R. S. \& Haegeman, B.}},
  Journal                  = {The American Naturalist},
  Year                     = {2012},

  Owner                    = {P274829},
  Timestamp                = {2016.02.01}
}

@Article{Etienne2012a,
  Title                    = {Diversity-dependence brings molecular phylogenies closer to agreement with the fossil record},
  Author                   = {{Etienne, R. S., Haegeman, B., Stadler, T., Aze, T., Pearson, P. N., Purvis, A. \& Phillimore, A. B.}},
  Journal                  = {Proceedings of the royal society},
  Year                     = {2012},

  Owner                    = {P274829},
  Timestamp                = {2016.02.01}
}

@Article{Etienne2014,
  Title                    = {Estimating the duration of speciation from phylogenies},
  Author                   = {{Etienne, R. S., Morlon, H., Lambert, A.}},
  Journal                  = {Evolution},
  Year                     = {2014},

  Owner                    = {P274829},
  Timestamp                = {2016.03.01}
}

@Article{Fitzjohn2012,
  Title                    = {Diversitree: comparative phylogenetic analyses of diversification in R},
  Author                   = {{Fitzjohn, R. G.}},
  Journal                  = {Methods in Ecology and Evolution},
  Year                     = {2012},

  Owner                    = {P274829},
  Timestamp                = {2016.02.01}
}

@Article{Fitzjohn2010,
  Title                    = {Quantitative traits and diversification},
  Author                   = {{Fitzjohn, R. G.}},
  Journal                  = {Systematic Biology},
  Year                     = {2010},

  Owner                    = {P274829},
  Timestamp                = {2016.02.01}
}

@Article{Fitzjohn2009,
  Title                    = {Estimating Trait-Dependent Speciation and Extinction Rates from Incompletely Resolved Phylogenies},
  Author                   = {{Fitzjohn, R. G., Maddison, W. P. \& Otto, S. P.}},
  Journal                  = {Systematic Biology},
  Year                     = {2009},

  Owner                    = {P274829},
  Timestamp                = {2016.02.01}
}

@Article{Goldberg2012,
  Title                    = {Tempo and mode in plant breeding system evolution},
  Author                   = {{Goldberg, E. E. \& Igic, B.}},
  Journal                  = {Evolution},
  Year                     = {2012},

  Owner                    = {P274829},
  Timestamp                = {2016.02.01}
}

@Article{Goldberg2011,
  Title                    = {Phylogenetic Inference of Reciprocal Effects between Geographic Range Evolution and Diversification},
  Author                   = {{Goldberg, E. E., Lancaster, L. T., Ree, R. H.}},
  Journal                  = {Systematic Biology},
  Year                     = {2011},

  Owner                    = {P274829},
  Timestamp                = {2016.02.03}
}

@Article{Haegeman2010,
  Title                    = {Entropy Maximization and the Spatial Distribution of Species},
  Author                   = {{Haegeman, B. \& Etienne, R. S.}},
  Journal                  = {The American Naturalist},
  Year                     = {2010},

  Owner                    = {P274829},
  Timestamp                = {2016.02.01}
}

@PhdThesis{Janzen2015,
  Title                    = {What lies beneath? How patterns in ecology and evolution inform us about underlying processes},
  Author                   = {{Janzen, T.}},
  School                   = {Rijksuniversiteit Groningen},
  Year                     = {2015},

  Owner                    = {P274829},
  Timestamp                = {2016.02.08}
}

@Article{Kendall1948,
  Title                    = {On some modes of population growth leading to R.A. Fisher's logarithmic series distribution},
  Author                   = {{Kendall, D. G.}},
  Journal                  = {Biometrika},
  Year                     = {1948},

  Owner                    = {P274829},
  Timestamp                = {2016.02.01}
}

@Article{Lambert2015,
  Title                    = {The reconstructed tree in the lineage-based model
of protracted speciation},
  Author                   = {{Lamber, A., Morlon, H., Etienne, R. S.}},
  Journal                  = {Journal of Mathematical Biology},
  Year                     = {2015},

  Owner                    = {P274829},
  Timestamp                = {2016.03.01}
}

@Article{Lambert2013,
  Title                    = {Birth-death models and coalescent point processes: The shape and
probability of reconstructed phylogenies},
  Author                   = {{Lambert, A. \& Stadler, T.}},
  Journal                  = {Theoretical Population Biology},
  Year                     = {2013},

  Owner                    = {P274829},
  Timestamp                = {2016.03.01}
}

@Article{Maddison2007,
  Title                    = {Estimating a binary character's effect on speciation and extinction},
  Author                   = {{Maddison, W. P., Midford, P. E. \& Otto, S. P.}},
  Journal                  = {Systematic Biology},
  Year                     = {2007},

  Owner                    = {P274829},
  Timestamp                = {2016.02.01}
}

@Article{Nee1994,
  Title                    = {The reconstructed evolutionary process},
  Author                   = {{Nee, S., May, R. M. \& Harvey, P. H.}},
  Journal                  = {Phylosophical Transactions: Biological Sciences},
  Year                     = {1994},

  Owner                    = {P274829},
  Timestamp                = {2016.02.01}
}

@Article{Rabosky2008,
  Title                    = {Density-dependent diversification in North American wood warblers},
  Author                   = {{Rabosky, D. L. \& Lovette, I. J.}},
  Journal                  = {Proc. R. Soc. B},
  Year                     = {2008},

  Owner                    = {P274829},
  Timestamp                = {2016.02.01}
}

@PhdThesis{subplex,
  Title                    = {Functional Stability Analysis of Numerical Algorithms},
  Author                   = {{Rowan, T.}},
  School                   = {Department of Computer Sciences, University of Texas at Austin},
  Year                     = {1990},

  Owner                    = {P274829},
  Timestamp                = {2016.02.08}
}

@Article{nlm,
  Title                    = {A modular system of algorithms for unconstrained minimization},
  Author                   = {{Schnabel, R. B., Koontz, J. E. and Weiss, B. E.}},
  Journal                  = {ACM Trans. Math. Software},
  Year                     = {1985},

  Owner                    = {P274829},
  Timestamp                = {2016.02.08}
}

@Article{Stadler2011,
  Title                    = {Mammalian phylogeny reveals recent diversification rate shifts},
  Author                   = {{Stadler, T.}},
  Journal                  = {PNAS},
  Year                     = {2011},

  Owner                    = {P274829},
  Timestamp                = {2016.02.29}
}

