@book{casella,
  title={Statistical inference},
  author={Casella, George and Berger, Roger L},
  volume={2},
  year={2002},
  publisher={Duxbury Pacific Grove, CA}
}

@article{iwls,
  title={The equivalence of generalized least squares and maximum likelihood estimates in the exponential family},
  author={Charnes, Abraham and Frome, EL and Yu, Po-Lung},
  journal={Journal of the American Statistical Association},
  volume={71},
  number={353},
  pages={169--171},
  year={1976},
  publisher={Taylor \& Francis Group}
}

@article{em,
  title={Maximum likelihood from incomplete data via the EM algorithm},
  author={Dempster, Arthur P and Laird, Nan M and Rubin, Donald B},
  journal={Journal of the royal statistical society. Series B (methodological)},
  pages={1--38},
  year={1977},
  publisher={JSTOR}
}

@article{nelder,
  title={Generalized linear models},
  author={Nelder, John A and Baker, R Jacob},
  journal={Encyclopedia of Statistical Sciences},
  year={1972},
  publisher={Wiley Online Library}
}

@book{mccullagp.j.a.nelder1989,
  title={Generalized linear models},
  author={McCullagh, Peter and Nelder, John A},
  volume={37},
  year={1989},
  publisher={CRC press}
}

@article{Bertsekas,
  title={Nonlinear programming},
  author={Bertsekas, Dimitri P},
  year={1999},
  publisher={Athena scientific}
}

@book{Dobson2008,
  title={An introduction to generalized linear models},
  author={Dobson, Annette J and Barnett, Adrian},
  year={2008},
  publisher={CRC press}
}

@book{Phyl,
  title={The phylogenetic handbook: a practical approach to phylogenetic analysis and hypothesis testing},
  author={Lemey, Philippe},
  year={2009},
  publisher={Cambridge University Press}
}

@article{multi,
  title={Multiple rounds of speciation associated with reciprocal gene loss in polyploid yeasts},
  author={Scannell, Devin R and Byrne, Kevin P and Gordon, Jonathan L and Wong, Simon and Wolfe, Kenneth H},
  journal={Nature},
  volume={440},
  number={7082},
  pages={341--345},
  year={2006},
  publisher={Nature Publishing Group}
}

@article{mcem,
  title={A Monte Carlo implementation of the EM algorithm and the poor man's data augmentation algorithms},
  author={Wei, Greg CG and Tanner, Martin A},
  journal={Journal of the American statistical Association},
  volume={85},
  number={411},
  pages={699--704},
  year={1990},
  publisher={Taylor \& Francis}
}

@article{ricklefs2007estimating,
  title={Estimating diversification rates from phylogenetic information},
  author={Ricklefs, Robert E},
  journal={Trends in Ecology \& Evolution},
  volume={22},
  number={11},
  pages={601--610},
  year={2007},
  publisher={Elsevier}
}

@article{hillebrand2004generality,
  title={On the generality of the latitudinal diversity gradient},
  author={Hillebrand, Helmut},
  journal={The American Naturalist},
  volume={163},
  number={2},
  pages={192--211},
  year={2004},
  publisher={JSTOR}
}


@article{barraclough1998revealing,
  title={Revealing the factors that promote speciation},
  author={Barraclough, Timothy G and Vogler, Alfried P and Harvey, Paul H},
  journal={Philosophical Transactions of the Royal Society of London B: Biological Sciences},
  volume={353},
  number={1366},
  pages={241--249},
  year={1998},
  publisher={The Royal Society}
}


@article{paradis2005statistical,
  title={Statistical analysis of diversification with species traits},
  author={Paradis, Emmanuel},
  journal={Evolution},
  volume={59},
  number={1},
  pages={1--12},
  year={2005},
  publisher={Wiley Online Library}
}

@article{moen2014does,
  title={Why does diversification slow down?},
  author={Moen, Daniel and Morlon, H{\'e}l{\`e}ne},
  journal={Trends in ecology \& evolution},
  volume={29},
  number={4},
  pages={190--197},
  year={2014},
  publisher={Elsevier}
}

@article{etienne2012prolonging,
  title={Prolonging the past counteracts the pull of the present: protracted speciation can explain observed slowdowns in diversification},
  author={Etienne, Rampal S and Rosindell, James},
  journal={Systematic Biology},
  volume={61},
  number={2},
  pages={204--213},
  year={2012},
  publisher={Oxford University Press}
}


@article{jetz2012global,
  title={The global diversity of birds in space and time},
  author={Jetz, W and Thomas, GH and Joy, JB and Hartmann, K and Mooers, AO},
  journal={Nature},
  volume={491},
  number={7424},
  pages={444--448},
  year={2012},
  publisher={Nature Publishing Group}
}


@article{morlon2010inferring,
  title={Inferring the dynamics of diversification: a coalescent approach},
  author={Morlon, H{\'e}l{\`e}ne and Potts, Matthew D and Plotkin, Joshua B},
  journal={PLoS Biol},
  volume={8},
  number={9},
  pages={e1000493},
  year={2010},
  publisher={Public Library of Science}
}

@article{etienne2011diversity,
  title={Diversity-dependence brings molecular phylogenies closer to agreement with the fossil record},
  author={Etienne, Rampal S and Haegeman, Bart and Stadler, Tanja and Aze, Tracy and Pearson, Paul N and Purvis, Andy and Phillimore, Albert B},
  journal={Proceedings of the Royal Society of London B: Biological Sciences},
  pages={rspb20111439},
  year={2011},
  publisher={The Royal Society}
}

@article{maddison2007estimating,
  title={Estimating a binary character's effect on speciation and extinction},
  author={Maddison, Wayne P and Midford, Peter E and Otto, Sarah P},
  journal={Systematic biology},
  volume={56},
  number={5},
  pages={701--710},
  year={2007},
  publisher={Oxford University Press}
}

@article{fitzjohn2010quantitative,
  title={Quantitative traits and diversification},
  author={FitzJohn, Richard G},
  journal={Systematic biology},
  pages={syq053},
  year={2010},
  publisher={Oxford University Press}
}

@article{fitzjohn2012diversitree,
  title={Diversitree: comparative phylogenetic analyses of diversification in R},
  author={FitzJohn, Richard G},
  journal={Methods in Ecology and Evolution},
  volume={3},
  number={6},
  pages={1084--1092},
  year={2012},
  publisher={Wiley Online Library}
}

@article{goldberg2012tempo,
  title={Tempo and mode in plant breeding system evolution},
  author={Goldberg, Emma E and Igi{\'c}, Boris},
  journal={Evolution},
  volume={66},
  number={12},
  pages={3701--3709},
  year={2012},
  publisher={Wiley Online Library}
}

@article{goldberg2011phylogenetic,
  title={Phylogenetic inference of reciprocal effects between geographic range evolution and diversification},
  author={Goldberg, Emma E and Lancaster, Lesley T and Ree, Richard H},
  journal={Systematic Biology},
  volume={60},
  number={4},
  pages={451--465},
  year={2011},
  publisher={Oxford University Press}
}

@article{fitzjohn2009estimating,
  title={Estimating trait-dependent speciation and extinction rates from incompletely resolved phylogenies},
  author={FitzJohn, Richard G and Maddison, Wayne P and Otto, Sarah P},
  journal={Systematic biology},
  volume={58},
  number={6},
  pages={595--611},
  year={2009},
  publisher={Oxford University Press}
}

@article{magallon2001absolute,
  title={Absolute diversification rates in angiosperm clades},
  author={Magallon, Susana and Sanderson, Michael J},
  journal={Evolution},
  volume={55},
  number={9},
  pages={1762--1780},
  year={2001},
  publisher={Wiley Online Library}
}

@article{kendall1948some,
  title={On some modes of population growth leading to RA Fisher's logarithmic series distribution},
  author={Kendall, David G},
  journal={Biometrika},
  volume={35},
  number={1/2},
  pages={6--15},
  year={1948},
  publisher={JSTOR}
}

@article{yule1925mathematical,
  title={A mathematical theory of evolution, based on the conclusions of Dr. JC Willis, FRS},
  author={Yule, G Udny},
  journal={Philosophical Transactions of the Royal Society of London. Series B, Containing Papers of a Biological Character},
  volume={213},
  pages={21--87},
  year={1925},
  publisher={JSTOR}
}

@article{nee1994reconstructed,
  title={The reconstructed evolutionary process},
  author={Nee, Sean and May, Robert M and Harvey, Paul H},
  journal={Philosophical Transactions of the Royal Society of London B: Biological Sciences},
  volume={344},
  number={1309},
  pages={305--311},
  year={1994},
  publisher={The Royal Society}
}

@article{wake2008we,
  title={Are we in the midst of the sixth mass extinction? A view from the world of amphibians},
  author={Wake, David B and Vredenburg, Vance T},
  journal={Proceedings of the National Academy of Sciences},
  volume={105},
  number={Supplement 1},
  pages={11466--11473},
  year={2008},
  publisher={National Acad Sciences}
}

@article{tilman2006biodiversity,
  title={Biodiversity and ecosystem stability in a decade-long grassland experiment},
  author={Tilman, David and Reich, Peter B and Knops, Johannes MH},
  journal={Nature},
  volume={441},
  number={7093},
  pages={629--632},
  year={2006},
  publisher={Nature Publishing Group}
}

@book{chivian2008sustaining,
  title={Sustaining life: how human health depends on biodiversity},
  author={Chivian, Eric and Bernstein, Aaron},
  year={2008},
  publisher={Oxford University Press}
}


@book{gillman2009introduction,
  title={An introduction to mathematical models in ecology and evolution: time and space},
  author={Gillman, Mike},
  volume={4},
  year={2009},
  publisher={John Wiley \& Sons}
}


@article{augugliaro2013differential,
  title={Differential geometric least angle regression: a differential geometric approach to sparse generalized linear models},
  author={Augugliaro, Luigi and Mineo, Angelo M and Wit, Ernst C},
  journal={Journal of the Royal Statistical Society: Series B (Statistical Methodology)},
  volume={75},
  number={3},
  pages={471--498},
  year={2013},
  publisher={Wiley Online Library}
}

@article{abegaz2013sparse,
  title={Sparse time series chain graphical models for reconstructing genetic networks},
  author={Abegaz, Fentaw and Wit, Ernst},
  journal={Biostatistics},
  pages={kxt005},
  year={2013},
  publisher={Biometrika Trust}
}


@article{barraclough2015species,
  title={How Do Species Interactions Affect Evolutionary Dynamics Across Whole Communities?},
  author={Barraclough, Timothy G},
  journal={Annual Review of Ecology, Evolution, and Systematics},
  volume={46},
  pages={25--48},
  year={2015},
  publisher={Annual Reviews}
}

@article{cornell2013regional,
  title={Is regional species diversity bounded or unbounded?},
  author={Cornell, Howard V},
  journal={Biological Reviews},
  volume={88},
  number={1},
  pages={140--165},
  year={2013},
  publisher={Wiley Online Library}
}

@article{silwood1999evolutionary,
  title={The evolutionary ecology of dispersal},
  author={Silwood Park, UK and Dytham, Calvin and Perrin, Nicolas},
  year={1999}
}

@article{rosindell2010protracted,
  title={Protracted speciation revitalizes the neutral theory of biodiversity},
  author={Rosindell, James and Cornell, Stephen J and Hubbell, Stephen P and Etienne, Rampal S},
  journal={Ecology Letters},
  volume={13},
  number={6},
  pages={716--727},
  year={2010},
  publisher={Wiley Online Library}
}


@article{wiens2003missing,
  title={Missing data, incomplete taxa, and phylogenetic accuracy},
  author={Wiens, John J},
  journal={Systematic Biology},
  volume={52},
  number={4},
  pages={528--538},
  year={2003},
  publisher={Oxford University Press}
}

@article{friedman2002structural,
  title={A structural EM algorithm for phylogenetic inference},
  author={Friedman, Nir and Ninio, Matan and Pe'er, Itsik and Pupko, Tal},
  journal={Journal of Computational Biology},
  volume={9},
  number={2},
  pages={331--353},
  year={2002},
  publisher={Mary Ann Liebert, Inc.}
}


@article{efron2004least,
  title={Least angle regression},
  author={Efron, Bradley and Hastie, Trevor and Johnstone, Iain and Tibshirani, Robert and others},
  journal={The Annals of statistics},
  volume={32},
  number={2},
  pages={407--499},
  year={2004},
  publisher={Institute of Mathematical Statistics}
}

@article{wit2012all,
  title={‘All models are wrong...’: an introduction to model uncertainty},
  author={Wit, Ernst and Heuvel, Edwin van den and Romeijn, Jan-Willem},
  journal={Statistica Neerlandica},
  volume={66},
  number={3},
  pages={217--236},
  year={2012},
  publisher={Wiley Online Library}
}


@article{abbruzzo2014generalized,
  title={Generalized information criterion for model selection in penalized graphical models},
  author={Abbruzzo, Antonino and Vuja{\v{c}}i{\'c}, Ivan and Wit, Ernst and Mineo, Angelo M},
  journal={arXiv preprint arXiv:1403.1249},
  year={2014}
}



@article{2013arXiv1309.6216V,
   author = {{Vujacic}, I. and {Abbruzzo}, A. and {Wit}, E.},
    title = "{A computationally fast alternative to cross-validation in penalized Gaussian graphical models}",
  journal = {ArXiv e-prints},
archivePrefix = "arXiv",
   eprint = {1309.6216},
 primaryClass = "stat.ME",
 keywords = {Statistics - Methodology},
     year = 2013,
    month = sep,
   adsurl = {http://adsabs.harvard.edu/abs/2013arXiv1309.6216V},
  adsnote = {Provided by the SAO/NASA Astrophysics Data System}
}

@article{gittleman1998body,
  title={Body size and species--richness in carnivores and primates},
  author={Gittleman, John L and Purvis, Andy},
  journal={Proceedings of the Royal Society of London B: Biological Sciences},
  volume={265},
  number={1391},
  pages={113--119},
  year={1998},
  publisher={The Royal Society}
}

